@inproceedings{inproceedings,
author = {Park, Hyojin and Sjosund, Lars and Yoo, Youngjoon and Monet, Nicolas and Bang, Jihwan and Kwak, Nojun},
year = {2020},
month = {03},
pages = {2055-2063},
title = {SINet: Extreme Lightweight Portrait Segmentation Networks with Spatial Squeeze Modules and Information Blocking Decoder},
doi = {10.1109/WACV45572.2020.9093588}
}
@book{book,
author = {Gagolewski, Marek},
year = {2015},
month = {12},
pages = {},
title = {Data Fusion: Theory, Methods, and Applications},
isbn = {978-83-63159-20-7},
doi = {10.5281/zenodo.6960327}
}
@article{tem,
author = {Zhao, Lei and Zhang, Mingcheng and Ding, Hongwei and Cui, Xiaohui},
year = {2021},
month = {12},
pages = {1692},
title = {MFF-Net: Deepfake Detection Network Based on Multi-Feature Fusion},
volume = {23},
journal = {Entropy},
doi = {10.3390/e23121692}
}
@article{fusion,
author = {Bleiholder, Jens and Naumann, Felix},
year = {2008},
month = {12},
pages = {},
title = {Data Fusion},
volume = {41},
journal = {ACM Comput. Surv.},
doi = {10.1145/1456650.1456651}
}
@article{wang2020deep,
  title={Deep Reinforcement Learning for Autonomous Driving: A Survey},
  author={Wang, Zhengbiao and Chen, Jiangshe and Li, Chen and Liu, Xiangyu and Li, Congcong and Li, Hongyi and Li, Zhixiang and Li, Jianqiang and Li, Tao},
  journal={arXiv preprint arXiv:2010.06791},
  year={2020}
}
@article{attention,
author = {Jin, Yan and Hu, Yibiao and Jiang, Zhiwei and Zheng, Qiufu},
year = {2022},
month = {08},
pages = {},
title = {Polyp segmentation with convolutional MLP},
journal = {The Visual Computer},
doi = {10.1007/s00371-022-02630-y}
}
@article{heera2019binary,
  title={Understanding Binary Cross-Entropy / Log Loss: A Visual Explanation},
  author={Heera, Saishruthi Swaminathan},
  journal={Towards Data Science},
  year={2019},
  howpublished = {\url{https://towardsdatascience.com/understanding-binary-cross-entropy-log-loss-a-visual-explanation-a3ac6025181a}}
}
@incollection{image_reg,
title = {Bioimage Informatics},
editor = {Shoba Ranganathan and Michael Gribskov and Kenta Nakai and Christian Schönbach},
booktitle = {Encyclopedia of Bioinformatics and Computational Biology},
publisher = {Academic Press},
address = {Oxford},
pages = {993-1010},
year = {2019},
isbn = {978-0-12-811432-2},
doi = {https://doi.org/10.1016/B978-0-12-809633-8.20308-7},
url = {https://www.sciencedirect.com/science/article/pii/B9780128096338203087},
author = {Sorayya Malek and Mogeeb Mosleh and Sarinder K. Dhillon and Pozi Milow},
keywords = {Bio image, Bioimage informatics, Classification, Data mining, Image processing, Machine learning},
}
@misc{mygreatlearning,
  title={Feature Extraction in Image Processing},
  author={{MyGreatLearning}},
  howpublished={\url{https://www.mygreatlearning.com/blog/feature-extraction-in-image-processing/}},
  year={Accessed on May 5, 2023}
}
@incollection{CALVINI2019605,
title = {Chapter 3.9 - Growing applications of hyperspectral and multispectral imaging},
editor = {José Manuel Amigo},
series = {Data Handling in Science and Technology},
publisher = {Elsevier},
volume = {32},
pages = {605-629},
year = {2019},
booktitle = {Hyperspectral Imaging},
issn = {0922-3487},
doi = {https://doi.org/10.1016/B978-0-444-63977-6.00024-9},
url = {https://www.sciencedirect.com/science/article/pii/B9780444639776000249},
author = {Rosalba Calvini and Alessandro Ulrici and José Manuel Amigo},
keywords = {Archaeology, Entomology, Forensics, Hyperspectral imaging, Multispectral imaging, Waste sorting}
}
@misc{edmundoptics,
  title={Hyperspectral and Multispectral Imaging},
  author={Edmund Optics},
  howpublished={\url{https://www.edmundoptics.eu/knowledge-center/application-notes/imaging/hyperspectral-and-multispectral-imaging/}},
  year={Accessed on May 5, 2023}
}
@article{howard2018universal,
  title={Universal Language Model Fine-tuning for Text Classification},
  author={Howard, Jeremy and Ruder, Sebastian},
  journal={arXiv preprint arXiv:1807.09940},
  year={2018}
}
@misc{camo_dataset,
  author = {Papers with Code},
  title = {{Camo: A Multi-View Dataset for Vehicle Re-Identification}},
  howpublished = {\url{https://paperswithcode.com/dataset/camo}},
  year = {2021},
  note = {Accessed: May 5, 2023}
}
@article{OBJ_DET,
author = {Jiao, Licheng and Zhang, Fan and Liu, Fang and Yang, Shuyuan and Li, Lingling and Feng, Zhixi and Qu, Rong},
year = {2019},
month = {09},
pages = {1-1},
title = {A Survey of Deep Learning-Based Object Detection},
volume = {PP},
journal = {IEEE Access},
doi = {10.1109/ACCESS.2019.2939201}
}
@article{objdet2,
author = {Deng, Jun and Xuan, Xiaojing and Wang, Weifeng and Li, Zhao and Yao, Hanwen and Wang, Zhiqiang},
year = {2020},
month = {11},
pages = {012028},
title = {A review of research on object detection based on deep learning},
volume = {1684},
journal = {Journal of Physics: Conference Series},
doi = {10.1088/1742-6596/1684/1/012028}
}
@article{objdet2,
author = {Zhao, Zhong-Qiu and Zheng, Peng and Xu, Shou-Tao and Wu, Xindong},
year = {2019},
month = {01},
pages = {1-21},
title = {Object Detection With Deep Learning: A Review},
volume = {PP},
journal = {IEEE Transactions on Neural Networks and Learning Systems},
doi = {10.1109/TNNLS.2018.2876865}
}
@article{rgb,
author = {Jay, Sylvain and Frederic, Baret and Dutartre, Dan and Malatesta, Ghislain and Héno, Stéphanie and Comar, Alexis and Weiss, Marie and Maupas, Fabienne},
year = {2018},
month = {09},
pages = {},
title = {Exploiting the centimeter resolution of UAV multispectral imagery to improve remote-sensing estimates of canopy structure and biochemistry in sugar beet crops},
volume = {231},
journal = {Remote Sensing of Environment},
doi = {10.1016/j.rse.2018.09.011}
}
@article{adam,
author = {Alom, Mohammed},
year = {2021},
month = {06},
pages = {},
title = {Adam Optimization Algorithm}
}
@misc{ai.stackexchange.fullyconvnet,
  author = {AI Stack Exchange},
  title = {{What is a Fully Convolutional Network?}},
  howpublished = {\url{https://ai.stackexchange.com/questions/21810/what-is-a-fully-convolution-network}},
  year = {2021},
  note = {Accessed: May 5, 2023}
}

@Article{drones6100308,
AUTHOR = {Zhou, Helu and Ma, Aitong and Niu, Yifeng and Ma, Zhaowei},
TITLE = {Small-Object Detection for UAV-Based Images Using a Distance Metric Method},
JOURNAL = {Drones},
VOLUME = {6},
YEAR = {2022},
NUMBER = {10},
ARTICLE-NUMBER = {308},
URL = {https://www.mdpi.com/2504-446X/6/10/308},
ISSN = {2504-446X},
}
@article{carleo2017machine,
  title={Machine learning and the physical sciences},
  author={Carleo, Giuseppe and Troyer, Matthias},
  journal={Philosophical Transactions of the Royal Society A: Mathematical, Physical and Engineering Sciences},
  volume={375},
  number={2102},
  pages={20150202},
  year={2017},
  publisher={The Royal Society Publishing}
}
@article{pulla2020camouflaged,
  title={Camouflaged object detection for machine vision applications},
  author={Pulla Rao, Ch and Guruva Reddy, A and Rama Rao, C. B},
  journal={International Journal of Speech Technology},
  volume={23},
  number={2},
  pages={327--335},
  year={2020},
  publisher={Springer},
  doi={10.1007/s10772-020-09699-7}
}
@article{ma2022structured,
  title={Structured Curriculum Learning for Neural Machine Translation},
  author={Ma, Xiaoyi and Xie, Jun and Zhang, Tong},
  journal={OpenReview},
  volume={6},
  pages={1--8},
  year={2022},
  url={https://openreview.net/forum?id=B31WdoD2VXQ}
}

@Article{rs13234875,
AUTHOR = {Acción, Álvaro and Argüello, Francisco and Heras, Dora B.},
TITLE = {A New Multispectral Data Augmentation Technique Based on Data Imputation},
JOURNAL = {Remote Sensing},
VOLUME = {13},
YEAR = {2021},
NUMBER = {23},
ARTICLE-NUMBER = {4875},
URL = {https://www.mdpi.com/2072-4292/13/23/4875},
ISSN = {2072-4292},
DOI = {10.3390/rs13234875}
}









